<record><leader>00000cas a2200000 a 4500</leader><controlfield tag="001">11135068</controlfield><controlfield tag="008">840910d18901940ksuwr ne      0   a0eng d</controlfield><datafield ind1=" " ind2=" " tag="010"><subfield code="a">sn 84029671 </subfield></datafield><datafield ind1=" " ind2=" " tag="040"><subfield code="a">KSH</subfield><subfield code="b">eng</subfield><subfield code="c">KSH</subfield><subfield code="d">NPT</subfield><subfield code="d">OCL</subfield><subfield code="d">OCLCQ</subfield><subfield code="d">DLC</subfield><subfield code="d">OCLCF</subfield></datafield><datafield ind1="0" ind2=" " tag="022"><subfield code="a">2329-2385</subfield><subfield code="2">1</subfield></datafield><datafield ind1=" " ind2=" " tag="042"><subfield code="a">msc</subfield><subfield code="a">nsdp</subfield></datafield><datafield ind1=" " ind2=" " tag="043"><subfield code="a">n-us-ks</subfield></datafield><datafield ind1="0" ind2="0" tag="050"><subfield code="a">Newspaper</subfield></datafield><datafield ind1="0" ind2="0" tag="082"><subfield code="a">071</subfield><subfield code="2">23</subfield></datafield><datafield ind1="0" ind2=" " tag="130"><subfield code="a">Kinsley graphic (Kinsley, Kan. : 1890)</subfield></datafield><datafield ind1=" " ind2="4" tag="222"><subfield code="a">The Kinsley graphic</subfield><subfield code="b">(Kinsley, Kan. 1890. Print)</subfield></datafield><datafield ind1="1" ind2="4" tag="245"><subfield code="a">The Kinsley graphic.</subfield></datafield><datafield ind1=" " ind2=" " tag="260"><subfield code="a">Kinsley, Kan. :</subfield><subfield code="b">Griggs &amp; Creviston,</subfield><subfield code="c">1890-1940.</subfield></datafield><datafield ind1=" " ind2=" " tag="300"><subfield code="a">50 v. :</subfield><subfield code="b">ill. ;</subfield><subfield code="c">53-65 cm.</subfield></datafield><datafield ind1=" " ind2=" " tag="310"><subfield code="a">Weekly</subfield></datafield><datafield ind1="0" ind2=" " tag="362"><subfield code="a">Vol. 13, no. 31 (May 23, 1890)-v. 63, no. 18 (July 11, 1940).</subfield></datafield><datafield ind1=" " ind2=" " tag="500"><subfield code="a">Publisher varies.</subfield></datafield><datafield ind1=" " ind2=" " tag="530"><subfield code="a">Archived issues are available in digital format as part of the Library of Congress Chronicling America online collection.</subfield></datafield><datafield ind1=" " ind2="0" tag="651"><subfield code="a">Kinsley (Kan.)</subfield><subfield code="v">Newspapers.</subfield></datafield><datafield ind1=" " ind2="7" tag="655"><subfield code="a">Newspapers.</subfield><subfield code="2">fast</subfield><subfield code="0">(OCoLC)fst01423814</subfield></datafield><datafield ind1=" " ind2="7" tag="651"><subfield code="a">Kansas</subfield><subfield code="z">Kinsley.</subfield><subfield code="2">fast</subfield><subfield code="0">(OCoLC)fst01223613</subfield></datafield><datafield ind1=" " ind2=" " tag="752"><subfield code="a">United States</subfield><subfield code="b">Kansas</subfield><subfield code="c">Edwards</subfield><subfield code="d">Kinsley.</subfield></datafield><datafield ind1="0" ind2="8" tag="776"><subfield code="i">Online version:</subfield><subfield code="t">Kinsley graphic (Kinsley, Kan. : 1890 : Online)</subfield><subfield code="x">2329-2393</subfield><subfield code="w">(DLC)  2013218779</subfield><subfield code="w">(OCoLC)844946340</subfield></datafield><datafield ind1="0" ind2="0" tag="780"><subfield code="t">Kinsley banner-graphic</subfield><subfield code="w">(DLC)sn 84029751</subfield><subfield code="w">(OCoLC)11135058</subfield></datafield><datafield ind1="0" ind2="4" tag="785"><subfield code="t">Kinsley mercury</subfield><subfield code="w">(DLC)sn 84029670</subfield><subfield code="w">(OCoLC)11135039</subfield></datafield><datafield ind1="4" ind2="1" tag="856"><subfield code="u">http://chroniclingamerica.loc.gov/lccn/sn84029671/issues</subfield></datafield></record>